
% INTRODUCTION =========================================================
% ======================================================================

% Cancer mortality
@misc{WHO,
 author = {WHO’s Global Health Estimates},
 editor = {{}},
 title = {The top 10 causes of death},
 url = {https://www.who.int/news-room/fact-sheets/detail/the-top-10-causes-of-death},
 lastchecked = {2023-04-25},
 year = {2020-12-09},
note={[Last access 2023-04-25]}
}

@misc{WHO_Cancer,
 author = {WHO Fact Sheets},
 editor = {{}},
 title = {Cancer},
 url = {https://www.who.int/news-room/fact-sheets/detail/cancer},
 lastchecked = {2023-04-25},
 year = {2022-02-03},
note={[Last access 2023-04-25]}
}


% T cells are crucial for Tumour elimination

@inbook{RN295,
   author = {Modjtahedi, Helmout and Clarke, Ailsa},
   title = {The Immune System},
   booktitle = {The Biology of Cancer},
   pages = {79-98},
   ISBN = {9780470988121},
   DOI = {https://doi.org/10.1002/9780470988121.ch8},
   url = {https://doi.org/10.1002/9780470988121.ch8},
   year = {2007},
   type = {Book Section}
}


% Cell segmentation
@inproceedings{RN285,
   author = {Schmidt, Uwe and Weigert, Martin and Broaddus, Coleman and Myers, Gene},
   title = {Cell Detection with Star-Convex Polygons},
   booktitle = {Medical Image Computing and Computer Assisted Intervention – MICCAI 2018},
   editor = {Frangi, Alejandro F. and Schnabel, Julia A. and Davatzikos, Christos and Alberola-López, Carlos and Fichtinger, Gabor},
   publisher = {Springer International Publishing},
   pages = {265-273},
   ISBN = {978-3-030-00934-2},
   type = {Conference Proceedings}
}

% Cell-tracking algorithms

@article{RN292,
   author = {Ulman, Vladimír and Maška, Martin and Magnusson, Klas E. G. and Ronneberger, Olaf and Haubold, Carsten and Harder, Nathalie and Matula, Pavel and Matula, Petr and Svoboda, David and Radojevic, Miroslav and Smal, Ihor and Rohr, Karl and Jaldén, Joakim and Blau, Helen M. and Dzyubachyk, Oleh and Lelieveldt, Boudewijn and Xiao, Pengdong and Li, Yuexiang and Cho, Siu-Yeung and Dufour, Alexandre C. and Olivo-Marin, Jean-Christophe and Reyes-Aldasoro, Constantino C. and Solis-Lemus, Jose A. and Bensch, Robert and Brox, Thomas and Stegmaier, Johannes and Mikut, Ralf and Wolf, Steffen and Hamprecht, Fred A. and Esteves, Tiago and Quelhas, Pedro and Demirel, Ömer and Malmström, Lars and Jug, Florian and Tomancak, Pavel and Meijering, Erik and Muñoz-Barrutia, Arrate and Kozubek, Michal and Ortiz-de-Solorzano, Carlos},
   title = {An objective comparison of cell-tracking algorithms},
   journal = {Nature Methods},
   volume = {14},
   number = {12},
   pages = {1141-1152},
   ISSN = {1548-7105},
   DOI = {10.1038/nmeth.4473},
   url = {https://doi.org/10.1038/nmeth.4473},
   year = {2017},
   type = {Journal Article}
}

@article{RN293,
   author = {Tinevez, Jean-Yves and Perry, Nick and Schindelin, Johannes and Hoopes, Genevieve M. and Reynolds, Gregory D. and Laplantine, Emmanuel and Bednarek, Sebastian Y. and Shorte, Spencer L. and Eliceiri, Kevin W.},
   title = {TrackMate: An open and extensible platform for single-particle tracking},
   journal = {Methods},
   volume = {115},
   pages = {80-90},
   ISSN = {1046-2023},
   DOI = {https://doi.org/10.1016/j.ymeth.2016.09.016},
   url = {https://www.sciencedirect.com/science/article/pii/S1046202316303346},
   year = {2017},
   type = {Journal Article}
}


@article{RN299,
   author = {Wortel, Inge M. N. and Liu, Annie Y. and Dannenberg, Katharina and Berry, Jeffrey C. and Miller, Mark J. and Textor, Johannes},
   title = {CelltrackR: An R package for fast and flexible analysis of immune cell migration data},
   journal = {ImmunoInformatics},
   volume = {1-2},
   pages = {100003},
   ISSN = {2667-1190},
   DOI = {https://doi.org/10.1016/j.immuno.2021.100003},
   url = {https://www.sciencedirect.com/science/article/pii/S2667119021000033},
   year = {2021},
   type = {Journal Article}
}


% Old literature from Lab Rotation Report (AG Weigelin) ========================================
% ======================================================================
@article{RN276,
   author = {von Chamier, Lucas and Laine, Romain F. and Jukkala, Johanna and Spahn, Christoph and Krentzel, Daniel and Nehme, Elias and Lerche, Martina and Hernández-Pérez, Sara and Mattila, Pieta K. and Karinou, Eleni and Holden, Séamus and Solak, Ahmet Can and Krull, Alexander and Buchholz, Tim-Oliver and Jones, Martin L. and Royer, Loïc A. and Leterrier, Christophe and Shechtman, Yoav and Jug, Florian and Heilemann, Mike and Jacquemet, Guillaume and Henriques, Ricardo},
   title = {Democratising deep learning for microscopy with ZeroCostDL4Mic},
   journal = {Nature Communications},
   volume = {12},
   number = {1},
   pages = {2276},
   ISSN = {2041-1723},
   DOI = {10.1038/s41467-021-22518-0},
   url = {https://doi.org/10.1038/s41467-021-22518-0},
   year = {2021},
   type = {Journal Article}
}




@misc{RN186,
 author = {Mafalda Sousa},
 editor = {{}},
 title = {StarDist: Application of the deep-learning tool for phase-contrast cell images},
 url = {https://analyticalscience.wiley.com/do/10.1002/was.000400090},
 lastchecked = {2021-06-27},
 originalyear = {},
note={[Last access 2021-06-27]}
}

@misc{RN187,
 author = {Jason Brownlee},
 editor = {{}},
 title = {How to use Learning Curves to Diagnose Machine Learning Model Perfomance},
 url = {https://machinelearningmastery.com/learning-curves-for-diagnosing-machine-learning-model-performance/},
 lastchecked = {2021-06-27},
 originalyear = {},
note={[Last access 2021-06-27]}
}

@misc{RN188,
 author = {Wikipedia},
 editor = {{}},
 title = {Structural Similarity},
 url = {https://en.wikipedia.org/wiki/Structural_similarity},
 lastchecked = {2021-06-27},
 originalyear = {},
note={[Last access 2021-06-27]}
}


@misc{RN189,
 author = {Wikipedia},
 editor = {{}},
 title = {Peak signal-to-noise ratio},
 url = {https://en.wikipedia.org/wiki/Peak_signal-to-noise_ratio},
 lastchecked = {2021-06-27},
 originalyear = {},
note={[Last access 2021-06-27]}
}

@misc{RN190,
 author = {Jason Brownlee},
 editor = {{}},
 title = {Difference Between a Batch and an Epoch in a Neural Network},
 url = {https://machinelearningmastery.com/difference-between-a-batch-and-an-epoch/},
 lastchecked = {2021-06-27},
 originalyear = {},
note={[Last access 2021-06-27]}
}

@misc{RN191,
 author = {Jason Brownlee},
 editor = {{}},
 title = {Understand the Impact of Learning Rate on Neural Network Performance},
 url = {https://machinelearningmastery.com/understand-the-dynamics-of-learning-rate-on-deep-learning-neural-networks/},
 lastchecked = {2021-06-27},
 originalyear = {},
note={[Last access 2021-06-27]}
}



% Old literature from Lab Rotation Report (AG Weigelin) ========================================
% ======================================================================
@article{RN276,
   author = {von Chamier, Lucas and Laine, Romain F. and Jukkala, Johanna and Spahn, Christoph and Krentzel, Daniel and Nehme, Elias and Lerche, Martina and Hernández-Pérez, Sara and Mattila, Pieta K. and Karinou, Eleni and Holden, Séamus and Solak, Ahmet Can and Krull, Alexander and Buchholz, Tim-Oliver and Jones, Martin L. and Royer, Loïc A. and Leterrier, Christophe and Shechtman, Yoav and Jug, Florian and Heilemann, Mike and Jacquemet, Guillaume and Henriques, Ricardo},
   title = {Democratising deep learning for microscopy with ZeroCostDL4Mic},
   journal = {Nature Communications},
   volume = {12},
   number = {1},
   pages = {2276},
   ISSN = {2041-1723},
   DOI = {10.1038/s41467-021-22518-0},
   url = {https://doi.org/10.1038/s41467-021-22518-0},
   year = {2021},
   type = {Journal Article}
}




@misc{RN186,
 author = {Mafalda Sousa},
 editor = {{}},
 title = {StarDist: Application of the deep-learning tool for phase-contrast cell images},
 url = {https://analyticalscience.wiley.com/do/10.1002/was.000400090},
 lastchecked = {2021-06-27},
 originalyear = {},
note={[Last access 2021-06-27]}
}

@misc{RN187,
 author = {Jason Brownlee},
 editor = {{}},
 title = {How to use Learning Curves to Diagnose Machine Learning Model Perfomance},
 url = {https://machinelearningmastery.com/learning-curves-for-diagnosing-machine-learning-model-performance/},
 lastchecked = {2021-06-27},
 originalyear = {},
note={[Last access 2021-06-27]}
}

@misc{RN188,
 author = {Wikipedia},
 editor = {{}},
 title = {Structural Similarity},
 url = {https://en.wikipedia.org/wiki/Structural_similarity},
 lastchecked = {2021-06-27},
 originalyear = {},
note={[Last access 2021-06-27]}
}


@misc{RN189,
 author = {Wikipedia},
 editor = {{}},
 title = {Peak signal-to-noise ratio},
 url = {https://en.wikipedia.org/wiki/Peak_signal-to-noise_ratio},
 lastchecked = {2021-06-27},
 originalyear = {},
note={[Last access 2021-06-27]}
}

@misc{RN190,
 author = {Jason Brownlee},
 editor = {{}},
 title = {Difference Between a Batch and an Epoch in a Neural Network},
 url = {https://machinelearningmastery.com/difference-between-a-batch-and-an-epoch/},
 lastchecked = {2021-06-27},
 originalyear = {},
note={[Last access 2021-06-27]}
}

@misc{RN191,
 author = {Jason Brownlee},
 editor = {{}},
 title = {Understand the Impact of Learning Rate on Neural Network Performance},
 url = {https://machinelearningmastery.com/understand-the-dynamics-of-learning-rate-on-deep-learning-neural-networks/},
 lastchecked = {2021-06-27},
 originalyear = {},
note={[Last access 2021-06-27]}
}

